% Encoding: UTF-8
@inproceedings{inproc:main,
    author = {Sood, Sadhan and Loguinov, Dmitri},
    year = {2011},
    month = {10},
    pages = {1117-1126},
    title = {Probabilistic Near-Duplicate Detection Using Simhash},
    doi = {10.1145/2063576.2063737}
}

@inproceedings{inproc:simhash,
    author = {Sadowski, Caitlin and Levin, Greg},
    year = {2007},
    month = {12},
    title = {SimHash: Hash-based Similarity Detection},
    doi = {10.1.1.473.7179}
}


@article{paper:scaling_six_billion,
    author = {Lee, Hsin-Tsang and Leonard, Derek and Wang, Xiaoming and Loguinov, Dmitri},
    year = {2008},
    month = {01},
    pages = {8},
    title = {IRLbot: Scaling to 6 Billion Pages and Beyond},
    volume = {3},
    journal = {ACM Transactions on the Web (TWEB)},
    doi = {10.1145/1541822.1541823}
}

@book{book:hashing,
    author = {Konheim, A.G.},
    year = {2010},
    month = {07},
    chapter = {8},
    title = {Hashing in Computer Science: Fifty Years of Slicing and Dicing},
    journal = {Hashing in Computer Science: Fifty Years of Slicing and Dicing},
    doi = {10.1002/9780470630617}
}


@online{info:google_stats,
    author = {Google},
    title = {How Search organizes information},
    year = {2019},
    url = {https://www.google.com/search/howsearchworks/crawling-indexing/},
    urldate = {2019-07-02}
}

@online{info:simhashing_made_simple,
    author = {Fred T-H},
    title = {Simhashing (hopefully) made simple},
    year = {2019},
    url = {https://ferd.ca/simhashing-hopefully-made-simple.html},
    urldate = {2019-07-02}
}


@article{article:sampling-similarity,
    author = {Zhou, Yongtao and Deng, Yuhui and Xie, Junjie and Yang, Laurence},
    year = {2016},
    month = {02},
    pages = {1-1},
    title = {EPAS: A Sampling Based Similarity Identification Algorithm for the Cloud},
    volume = {PP},
    journal = {IEEE Transactions on Cloud Computing},
    doi = {10.1109/TCC.2016.2527646}
}

@inproceedings{inproc:evaluation,
    author = {Henzinger, Monika},
    year = {2006},
    month = {01},
    pages = {284-291},
    title = {Finding near-duplicate web pages: A large-scale evaluation of algorithms},
    doi = {10.1145/1148170.1148222}
}

@book{Salton:1986:IMI:576628,
    author = {Salton, Gerard and McGill, Michael J.},
    title = {Introduction to Modern Information Retrieval},
    year = {1986},
    isbn = {0070544840},
    chapter = {6.2},
    publisher = {McGraw-Hill, Inc.},
    address = {New York, NY, USA},
}
