% Paper from seminar
% drin
@article{article:corporate,
    author = {Cristle, Wolfie},
    year = {2017},
    title = {Corporate Surveillance in Everyday Life},
    url = {https://crackedlabs.org/en/corporate-surveillance}
}

% drin
@article{article:seeing-knowing,
    author = {Ananny, Mike and Crawford, Kate},
    year = {2016},
    month = {12},
    pages = {146144481667664},
    title = {Seeing without knowing: Limitations of the transparency ideal and its application to algorithmic accountability},
    volume = {0},
    journal = {New Media \& Society},
    doi = {10.1177/1461444816676645}
}

% drin
@article{article:snowden,
    author = {David Lyon},
    title ={Surveillance, Snowden, and Big Data: Capacities, consequences, critique},
    journal = {Big Data \& Society},
    year = {2014},
    doi = {10.1177/2053951714541861},
    URL = {https://doi.org/10.1177/2053951714541861}
}
% drin
@article{article:dataethics,
    author = {Floridi, Luciano and Taddeo, Mariarosaria},
    year = {2016},
    month = {12},
    pages = {20160360},
    title = {What is data ethics?},
    volume = {374},
    journal = {Philosophical Transactions of The Royal Society A Mathematical Physical and Engineering Sciences},
    doi = {10.1098/rsta.2016.0360}
}

@article{article:contextualprivacy,
    author = {Nissenbaum, Helen},
    year = {2011},
    month = {10},
    pages = {32-48},
    title = {A Contextual Approach to Privacy Online},
    volume = {140},
    journal = {Daedalus},
    doi = {10.1162/DAED_a_00113}
}

@article{article:privacy,
    author = {K. Mulligan, Deirdre and Koopman, Colin and Doty, Nick},
    year = {2016},
    month = {12},
    pages = {20160118},
    title = {Privacy is an essentially contested concept: a multi-dimensional analytic for mapping privacy: Table 1.},
    volume = {374},
    journal = {Philosophical Transactions of The Royal Society A Mathematical Physical and Engineering Sciences},
    doi = {10.1098/rsta.2016.0118}
}

% External paper

@inproceedings{inproc:measuring-loc,
    title={Measuring Productivity Using the Infamous Lines of Code Metric},
    author={Benedikt Mas y Parareda},
    year={2007}
}

@article{inproc:work-night,
    author = {Claes, Maelick and Mäntylä, Mika and Kuutila, Miikka and Adams, Bram},
    year = {2018},
    month = {02},
    pages = {},
    title = {Do Programmers Work at Night or During the Weekend?}
}

@thesis{thes:thesis,
    author = {Beer, Arne},
    year = {2017},
    title = {Privacy implications of exposing Git meta data},
    url = {https://github.com/Nukesor/thesis/blob/master/thesis/thesis.pdf}
}

@article{moore_2000,
    title={Employee Monitoring and Computer Technology: Evaluative Surveillance V. Privacy},
    volume={10},
    DOI={10.2307/3857899},
    number={3},
    journal={Business Ethics Quarterly},
    publisher={Cambridge University Press},
    author={Moore,Adam D.},
    year={2000},
    pages={697–709}
}


@Article{Hermalin2006,
    author="Hermalin, Benjamin E.
    and Katz, Michael L.",
    title="Privacy, property rights and efficiency: The economics of privacy as secrecy",
    journal="Quantitative Marketing and Economics",
    year="2006",
    month="Sep",
    day="01",
    volume="4",
    number="3",
    pages="209--239",
    issn="1573-711X",
    doi="10.1007/s11129-005-9004-7",
    url="https://doi.org/10.1007/s11129-005-9004-7"
}

@incollection{paper:privacymorality,
    author = {Parent, W A.},
    chapter = {Privacy, Morality, and the Law},
    title = {Ethical Issues in the Use of Computers},
    editor = {Johnson, Deborah G. and Snapper, John W.},
    year = {1985},
    isbn = {0-534-04257-0},
    pages = {201--215},
    numpages = {15},
    url = {http://dl.acm.org/citation.cfm?id=2569.2682},
    acmid = {2682},
    publisher = {Wadsworth Publ. Co.},
    address = {Belmont, CA, USA},
}

@book{book:pro-git,
    title={Pro Git, 2nd Edition},
    author={Scott Chacon and Ben Straub},
    year={2014},
    isbn={978-1484200773},
    publisher={Apress}
}

@online{ online:manpage,
    title = {Git man page},
    year = {2019},
    url = {http://man7.org/linux/man-pages/man1/git.1.html},
    urldate = {2019-08-25}
}

