@article{CESMDocs,
	author   = {Development-Team, CESM1.2},
	title    = {{Cesm Documentation}},
	year     = {2014},
    howpublished = "\url{http://www.cesm.ucar.edu/models/cesm1.2/cesm/doc/usersguide/book1.html}"
}

@article{Awips,
	author   = {Unidata},
	title    = {{Unidata AWIPS II, Softwarepage}},
	year     = {2016},
    howpublished = "\url{https://www.unidata.ucar.edu/software/awips2/}",
}

@article{AwipsDocs,
	author   = {Unidata\vspace{0mm}},
	title    = {{Awips System Architecture Documentation}},
	year     = {2016},
    howpublished = "\url{https://docs.google.com/document/d/1ggqsioNSwVC6XzJL7oJs1vPkUPzXeaCwz25tMtqikzE/edit}",
}

@picture{Uni01,
	author   = {Unid\vspace{0mm}ata},
	title    = {{AWIPS II Infrastructure}},
	year     = {2016},
    howpublished = "\url{http://www.unidata.ucar.edu/software/awips2/images/awips2_coms.png}",
}

@picture{ifs,
	author   = {ECMWF},
	title    = {{OpenIFS documentation}},
	year     = {2016},
    howpublished = "\url{https://software.ecmwf.int/wiki/display/OIFS/About+OpenIFS}",
}

@article{lanuni,
	author   = {Lancaster University},
	title    = {{The Data Lifecycle}},
	year     = {2016},
    howpublished = "\url{http://www.lancaster.ac.uk/library/rdm/what-is-rdm/plan/data-lifecycle/}",
}

@picture{lanuni2,
	author   = {Lancaster \vspace{0mm}University},
	title    = {{The Data Lifecycle}},
	year     = {2016},
    howpublished = "\url{http://www.lancaster.ac.uk/media/lancaster-university/content-assets/images/library/other/DataLifecycle.png}",
}


@article{ecoham5,
	author   = {Fabian Große, Markus Kreus, Hermann Lenhart, Ina Lorkowski, Johannes Pätsch},
	title    = {{ECOHAM5 user guide}},
	year     = {last updated: November 27, 2015},
    howpublished = "handed via mail",
}
