@article{WWW07,
	author = "Marko Wolf and Andr√© Weimerskirch and Thomas Wollinger",
    title = "State of the Art: Embedding Security in Vehicles",
    journal = "EURASIP Journal on Embedded Systems",
    year = "2007",	
}

@inproceedings{KCR10,
	author = "Karl Koscher and Alexei Czeskis and Franziska Roesner and Shwetak Patel and Tadayoshi Kohno and Stephen Checkoway and Damon McCoy",
    title = "Experimental Security Analysis of a Modern Automobile",
    booktitle = "Proceedings of the 2010 IEEE Symposium on Security and Privacy",
    pages = "447--462",
    organization = "IEEE",
    year = "2010",
}

@inproceedings{CMK11,
	author = "Stephen Checkoway and Damon McCoy and Brian Kantor and Danny Anderson and Hovav Shacham and Stefan Savage and Karl Koscher and Alexei Czeskis and Franziska Roesner and Tadayoshi Kohno",
    title = "Comprehensive Experimental Analyses of Automotive Attack Surfaces",
    booktitle = "Proceedings of the 20th USENIX Security Symposium",
    pages = "77--92",
    organization = "USENIX Association",
    year = "2011",
}

@conference{MiV13,
	author = "Charlie Miller and Chris Valasek",
    title = "Adventures in Automotive Networks and Control Units",
    booktitle = "DEF CON 21 Hacking Conference",
    organization = "DEF CON",
    year = "2013",
}

@conference{MiV14,
	author = "Charlie Miller and Chris Valasek",
    title = "A Survey of Remote Automotive Attack Surfaces",
    booktitle = "Black Hat USA",
    year = "2014",
}

@conference{MiV15,
	author = "Charlie Miller and Chris Valasek",
    title = "Remote Exploitation of an Unaltered Passenger Vehicle",
    booktitle = "DEF CON 23 Hacking Conference",
    organization = "DEF CON",
    year = "2015",
}

@inproceedings{FPK15,
	author = "Ian Foster and Andrew Prudhomme and Karl Koscher and Stefan Savage",
    title = "Fast and Vulnerable: A Story of Telematic Failures",
    booktitle = "Proceedings of the 9th USENIX Workshop on Offensive Technologies",
    organization = "USENIX Association",
    year = "2015",
}




